%% Taken from Google Scholar

@incollection{2008-eccv-fusiello:toldo-jlinkage,
  title={{Robust Multiple Structures Estimation
  with J-linkage}},
  author={Toldo, Roberto and Fusiello, Andrea},
  booktitle={Computer Vision--ECCV 2008},
  pages={537--547},
  year={2008},
  publisher={Springer}
}

@inproceedings{2010-3dpvt-fusiello:toldo-real:time:jlinkage,
	title={{Real-time Incremental J-linkage for Robust Multiple Structures Estimation}},
	author={Toldo, Roberto and Fusiello, Andrea},
	booktitle={International Symposium on 3D Data Processing, Visualization and Transmission (3DPVT)},
	volume={1},
	number={2},
	pages={6},
	year={2010}
}

@inproceedings{2007-ieee-klein:murray-ptam,
  title={{Parallel Tracking and Mapping for Small AR Workspaces}},
  author={Klein, Georg and Murray, David},
  booktitle={Mixed and Augmented Reality, 2007. ISMAR 2007.},
  pages={225--234},
  year={2007},
  organization={IEEE}
}

@inproceedings{2005-ieee-zuliani:kenney-multiransac,
  title={{The multiransac algorithm and its application to detect planar homographies}},
  author={Zuliani, Marco and Kenney, Charles S and Manjunath, B S},
  booktitle={Image Processing, 2005. ICIP 2005. IEEE International Conference on},
  volume={3},
  pages={111--153},
  year={2005},
  organization={IEEE}
}

@article{1981-acm-fischler:martin-ransac,
  title={{Random Sample Consensus: A Paradigm for Model Fitting with Applicatlons to Image Analysis and Automated Cartography}},
  author={Fischler, Martin A and Bolles, Robert C},
  journal={Communications of the ACM},
  volume={24},
  number={6},
  pages={381--395},
  year={1981},
  publisher={ACM}
}

@inproceedings{2012-iros-engel-camera:based:navigation:quadcopters,
  title={{Camera-Based Navigation of a Low-Cost Quadrocopter}},
  author={Engel, Jakob and Sturm, J{\"u}rgen and Cremers, Daniel},
  booktitle={Intelligent Robots and Systems (IROS)},
  pages={2815--2821},
  year={2012},
  organization={IEEE}
}

%%
@inproceedings{2016-wacv-meghshyam-mosaicing,
	title={Mosaicing Scenes with a Quadcopter},
	author={Prasad, Meghshyam G. and Chandran, Sharat and Brown, Michael S},
	year={2016},
	booktitle={WACV},
	notes={Yet to be printed}
}

@misc{2014-jakob-tumardrone,
	author = {Engel, Jackob},
	title = {tum\_ardrone},
	howpublished = "\url{http://wiki.ros.org/tum_ardrone}",
	year = {2014}
}

@misc{ardrone-driver,
    author = "{ROS Driver for ARDrone Autonomy}",
    title = {Last visited {A}pril 17, 2017},
    howpublished={\url{https://github.com/AutonomyLab/ardrone_autonomy}}
}

@misc{2016-seminar-praneeth,
	author = {Praneeth A S},
	title = {Imaging large multiple planar bounded regions},
	howpublished = "\url{http://sonapraneeth-a.github.io/projects/seminar/reports/final_report/SonaPraneeth-Akula-Seminar-Report.pdf}",
	year = {2016}
}

@misc{2017-phd-thesis-meghshyam,
	author = {Meghshyam Prasad},
	title = {Exploration of Multiplanar Scenes through
Autonomous Navigation of Quadcopter},
	howpublished = {Doctor of Philosophy Thesis},
	url = {},
	year = {2017}
}

@misc{temple-image,
	author = {},
	title = {Mural Paintings of Kerala},
	howpublished = {Website: "\url{http://www.keralamurals.in/about/about-naveen/}"},
	url = {http://www.keralamurals.in/about/about-naveen/},
	year = {Last Accessed: 24-10-2016}
}

@article{sturm2013dense,
  title={Dense tracking and mapping with a quadrocopter},
  author={Sturm, J{\"u}rgen and Bylow, Erik and Kerl, Christian and Kahl, Fredrik and Cremer, D},
  journal={Unmanned Aerial Vehicle in Geomatics (UAV-g), Rostock, Germany},
  year={2013}
}

@misc{tumardrone,
author = "{ ROS package for tum\_ardrone}",
title = {Last visited {A}pril 17, 2017},
howpublished={\url{http://wiki.ros.org/tum_ardrone}}
}